@misc{qin2013introducing,
    title={Introducing LETOR 4.0 Datasets},
    author={Tao Qin and Tie-Yan Liu},
    year={2013},
    eprint={1306.2597},
    archivePrefix={arXiv},
    primaryClass={cs.IR}
}




@inproceedings{submodularity2011,
author = {Das, Abhimanyu and Kempe, David},
title = {Submodular Meets Spectral: Greedy Algorithms for Subset Selection, Sparse Approximation and Dictionary Selection},
year = {2011},
address = {Madison, WI, USA},
booktitle = {Proceedings of the 28th International Conference on International Conference on Machine Learning},
pages = {1057–1064},
numpages = {8}
}

@article{DBLP:journals/corr/QinL13,
  author    = {Tao Qin and
               Tie{-}Yan Liu},
  title     = {Introducing {LETOR} 4.0 Datasets},
  journal   = {CoRR},
  volume    = {abs/1306.2597},
  year      = {2013},
  url       = {http://arxiv.org/abs/1306.2597},
  timestamp = {Mon, 01 Jul 2013 20:31:25 +0200},
  biburl    = {http://dblp.uni-trier.de/rec/bib/journals/corr/QinL13},
  bibsource = {dblp computer science bibliography, http://dblp.org}
}


@inproceedings{Singhexs:2019,
 author = {Singh, Jaspreet and Anand, Avishek},
 title = {EXS: Explainable Search Using Local Model Agnostic Interpretability},
 booktitle = {Proceedings of the Twelfth ACM International Conference on Web Search and Data Mining},
 series = {WSDM '19},
 year = {2019},
 isbn = {978-1-4503-5940-5},
 location = {Melbourne VIC, Australia},
 pages = {770--773},
 numpages = {4},
 url = {http://doi.acm.org/10.1145/3289600.3290620},
 doi = {10.1145/3289600.3290620},
 acmid = {3290620},
 publisher = {ACM},
 address = {New York, NY, USA},
 keywords = {explainable search, interpretability, neural ranking models},
} 
@inproceedings{singh2020model,
  title={Model agnostic interpretability of rankers via intent modelling},
  author={Singh, Jaspreet and Anand, Avishek},
  booktitle={Proceedings of the 2020 Conference on Fairness, Accountability, and Transparency},
  pages={618--628},
  year={2020}
}
@incollection{NIPS2017_7062,
title = {A Unified Approach to Interpreting Model Predictions},
author = {Lundberg, Scott M and Lee, Su-In},
booktitle = {Advances in Neural Information Processing Systems 30},
editor = {I. Guyon and U. V. Luxburg and S. Bengio and H. Wallach and R. Fergus and S. Vishwanathan and R. Garnett},
pages = {4765--4774},
year = {2017},
publisher = {Curran Associates, Inc.},
url = {http://papers.nips.cc/paper/7062-a-unified-approach-to-interpreting-model-predictions.pdf}
}

@inproceedings{Fernando:2019:SIN:3331184.3331312,
 author = {Fernando, Zeon Trevor and Singh, Jaspreet and Anand, Avishek},
 title = {A Study on the Interpretability of Neural Retrieval Models Using DeepSHAP},
 booktitle = {Proceedings of the 42Nd International ACM SIGIR Conference on Research and Development in Information Retrieval},
 series = {SIGIR'19},
 year = {2019},
 isbn = {978-1-4503-6172-9},
 location = {Paris, France},
 pages = {1005--1008},
 numpages = {4},
 url = {http://doi.acm.org/10.1145/3331184.3331312},
 doi = {10.1145/3331184.3331312},
 acmid = {3331312},
 publisher = {ACM},
 address = {New York, NY, USA},
 keywords = {interpretability, neural ranking models},
} 
@inproceedings{crammer2002pranking,
  title={Pranking with ranking},
  author={Crammer, Koby and Singer, Yoram},
  booktitle={Advances in neural information processing systems},
  pages={641--647},
  year={2002}
}

@inproceedings{Li:2007:MLR:2981562.2981675,
 author = {Li, Ping and Burges, Christopher J. C. and Wu, Qiang},
 title = {McRank: Learning to Rank Using Multiple Classification and Gradient Boosting},
 booktitle = {Proceedings of the 20th International Conference on Neural Information Processing Systems},
 series = {NIPS'07},
 year = {2007},
 isbn = {978-1-60560-352-0},
 location = {Vancouver, British Columbia, Canada},
 pages = {897--904},
 numpages = {8},
 url = {http://dl.acm.org/citation.cfm?id=2981562.2981675},
 acmid = {2981675},
 publisher = {Curran Associates Inc.},
 address = {USA},
} 

@inproceedings{harrington2003online,
  title={Online ranking/collaborative filtering using the perceptron algorithm},
  author={Harrington, Edward F},
  booktitle={Proceedings of the 20th International Conference on Machine Learning (ICML-03)},
  pages={250--257},
  year={2003}
}

@article{Fuhr:1989:OPR:65943.65944,
 author = {Fuhr, Norbert},
 title = {Optimum Polynomial Retrieval Functions Based on the Probability Ranking Principle},
 journal = {ACM Trans. Inf. Syst.},
 issue_date = {July 1989},
 volume = {7},
 number = {3},
 month = jul,
 year = {1989},
 issn = {1046-8188},
 pages = {183--204},
 numpages = {22},
 url = {http://doi.acm.org/10.1145/65943.65944},
 doi = {10.1145/65943.65944},
 acmid = {65944},
 publisher = {ACM},
 address = {New York, NY, USA},
} 

@inproceedings{Burges:2005:LRU:1102351.1102363,
 author = {Burges, Chris and Shaked, Tal and Renshaw, Erin and Lazier, Ari and Deeds, Matt and Hamilton, Nicole and Hullender, Greg},
 title = {Learning to Rank Using Gradient Descent},
 booktitle = {Proceedings of the 22Nd International Conference on Machine Learning},
 series = {ICML '05},
 year = {2005},
 isbn = {1-59593-180-5},
 location = {Bonn, Germany},
 pages = {89--96},
 numpages = {8},
 url = {http://doi.acm.org/10.1145/1102351.1102363},
 doi = {10.1145/1102351.1102363},
 acmid = {1102363},
 publisher = {ACM},
 address = {New York, NY, USA},
} 

@article{freund2003efficient,
  title={An efficient boosting algorithm for combining preferences},
  author={Freund, Yoav and Iyer, Raj and Schapire, Robert E and Singer, Yoram},
  journal={Journal of machine learning research},
  volume={4},
  number={Nov},
  pages={933--969},
  year={2003}
}

@inproceedings{joachims2002optimizing,
  title={Optimizing search engines using clickthrough data},
  author={Joachims, Thorsten},
  booktitle={Proceedings of the eighth ACM SIGKDD international conference on Knowledge discovery and data mining},
  pages={133--142},
  year={2002},
  organization={ACM}
}

@inproceedings{zheng2007regression,
  title={A regression framework for learning ranking functions using relative relevance judgments},
  author={Zheng, Zhaohui and Chen, Keke and Sun, Gordon and Zha, Hongyuan},
  booktitle={Proceedings of the 30th annual international ACM SIGIR conference on Research and development in information retrieval},
  pages={287--294},
  year={2007},
  organization={ACM}
}

@inproceedings{xu2007adarank,
  title={Adarank: a boosting algorithm for information retrieval},
  author={Xu, Jun and Li, Hang},
  booktitle={Proceedings of the 30th annual international ACM SIGIR conference on Research and development in information retrieval},
  pages={391--398},
  year={2007},
  organization={ACM}
}

@inproceedings{taylor2008softrank,
  title={Softrank: optimizing non-smooth rank metrics},
  author={Taylor, Michael and Guiver, John and Robertson, Stephen and Minka, Tom},
  booktitle={Proceedings of the 2008 International Conference on Web Search and Data Mining},
  pages={77--86},
  year={2008},
  organization={ACM}
}

@inproceedings{burges2007learning,
  title={Learning to rank with nonsmooth cost functions},
  author={Burges, Christopher J and Ragno, Robert and Le, Quoc V},
  booktitle={Advances in neural information processing systems},
  pages={193--200},
  year={2007}
}

@article{burges2010ranknet,
  title={From ranknet to lambdarank to lambdamart: An overview},
  author={Burges, Christopher JC},
  journal={Learning},
  volume={11},
  number={23-581},
  pages={81},
  year={2010}
}

@misc{ribeiro2016i,
    title={"Why Should I Trust You?": Explaining the Predictions of Any Classifier},
    author={Marco Tulio Ribeiro and Sameer Singh and Carlos Guestrin},
    year={2016},
    eprint={1602.04938},
    archivePrefix={arXiv},
    primaryClass={cs.LG}
}

@inproceedings{ribeiro2018anchors,
  title={Anchors: High-precision model-agnostic explanations},
  author={Ribeiro, Marco Tulio and Singh, Sameer and Guestrin, Carlos},
  booktitle={Thirty-Second AAAI Conference on Artificial Intelligence},
  year={2018}
}

@inproceedings{lundberg2017unified,
  title={A unified approach to interpreting model predictions},
  author={Lundberg, Scott M and Lee, Su-In},
  booktitle={Advances in Neural Information Processing Systems},
  pages={4765--4774},
  year={2017}
}

@book{molnar2019,
  title      = {Interpretable Machine Learning},
  author     = {Christoph Molnar},
  note       = {\url{https://christophm.github.io/interpretable-ml-book/}},
  year       = {2019},
  subtitle   = {A Guide for Making Black Box Models Explainable}
}

@misc{wexler2019whatif,
    title={The What-If Tool: Interactive Probing of Machine Learning Models},
    author={James Wexler and Mahima Pushkarna and Tolga Bolukbasi and Martin Wattenberg and Fernanda Viegas and Jimbo Wilson},
    year={2019},
    eprint={1907.04135},
    archivePrefix={arXiv},
    primaryClass={cs.LG}
}

@misc{szegedy2013intriguing,
    title={Intriguing properties of neural networks},
    author={Christian Szegedy and Wojciech Zaremba and Ilya Sutskever and Joan Bruna and Dumitru Erhan and Ian Goodfellow and Rob Fergus},
    year={2013},
    eprint={1312.6199},
    archivePrefix={arXiv},
    primaryClass={cs.CV}
}

@misc{zhao2017generating,
    title={Generating Natural Adversarial Examples},
    author={Zhengli Zhao and Dheeru Dua and Sameer Singh},
    year={2017},
    eprint={1710.11342},
    archivePrefix={arXiv},
    primaryClass={cs.LG}
}

@misc{arjovsky2017wasserstein,
    title={Wasserstein GAN},
    author={Martin Arjovsky and Soumith Chintala and Léon Bottou},
    year={2017},
    eprint={1701.07875},
    archivePrefix={arXiv},
    primaryClass={stat.ML}
}

@inproceedings{geng2007feature,
  title={Feature selection for ranking},
  author={Geng, Xiubo and Liu, Tie-Yan and Qin, Tao and Li, Hang},
  booktitle={Proceedings of the 30th annual international ACM SIGIR conference on Research and development in information retrieval},
  pages={407--414},
  year={2007}
}
@inproceedings{streamweaksub2017,
author = {Elenberg, Ethan R. and Dimakis, Alexandros G. and Feldman, Moran and Karbasi, Amin},
title = {Streaming Weak Submodularity: Interpreting Neural Networks on the Fly},
year = {2017},
booktitle = {Proceedings of the 31st International Conference on Neural Information Processing Systems},
pages = {4047–4057},
numpages = {11}
}